% build your bibliography here...
@book{garcia1987sagas,
  title={Sagas},
  author={Garcia-Molina, Hector and Salem, Kenneth},
  volume={16},
  number={3},
  year={1987},
  publisher={ACM}
}
